@article{ariska2016rancang,
  author    = {Ariska, J. and Jazman, M.},
  title     = {Rancang bangun sistem informasi manajemen aset sekolah menggunakan teknik labelling QR code (Studi Kasus: MAN 2 Model Pekanbaru)},
  journal   = {Jurnal Ilmiah Rekayasa Dan Manajemen Sistem Informasi},
  volume    = {2},
  number    = {2},
  pages     = {127--136},
  year      = {2016}
}

@article{aliman2021perancangan,
  author    = {Aliman, W.},
  title     = {Perancangan perangkat lunak untuk menggambar diagram berbasis android},
  journal   = {Syntax Literate; Jurnal Ilmiah Indonesia},
  volume    = {6},
  number    = {6},
  pages     = {3091--3098},
  year      = {2021}
}

@misc{dicoding2021activity,
  author       = {Dicoding Intern},
  title        = {Apa itu Activity Diagram? Beserta Pengertian, Tujuan, Komponen},
  year         = {2021},
  month        = {March 10},
  url          = {https://www.dicoding.com/blog/apa-itu-activity-diagram/},
  note         = {Accessed: 2024-12-14}
}

@misc{andriani2023extreme,
  author       = {Laila Fitria Andriani},
  title        = {Extreme Programming: Tahapan, Kelebihan, dan Kekurangannya},
  year         = {2023},
  month        = {June 14},
  url          = {https://www.sekawanmedia.co.id/blog/extreme-programming-adalah/},
  note         = {Accessed: 2024-12-14}
}

@misc{rosyida2021swoole,
  author       = {Mila Rosyida},
  title        = {Cara Install Swoole PHP di Hosting},
  year         = {2021},
  month        = {June 3},
  url          = {https://www.domainesia.com/panduan/cara-install-swoole-php-di-hosting/#Apa_itu_Swoole_PHP},
  note         = {Accessed: 2024-12-14}
}

@misc{setiawan2021class,
  author       = {Roni Setiawan},
  title        = {Memahami Class Diagram Lebih Baik},
  year         = {2021},
  month        = {October 13},
  url          = {https://www.dicoding.com/blog/memahami-class-diagram-lebih-baik/},
  note         = {Accessed: 2024-12-14}
}
